<?xml version="1.0" encoding="UTF-8"?><collection><record><leader>02401ntm a2200361 a 4500</leader><controlfield tag="001">002641764</controlfield><controlfield tag="003">MiAaHDL</controlfield><controlfield tag="005">20190719000000.0</controlfield><controlfield tag="006">m        d        </controlfield><controlfield tag="007">cr bn ---auaua</controlfield><controlfield tag="008">930712q18061807xx            00| | ara d</controlfield><datafield tag="035" ind1=" " ind2=" "><subfield code="a">(MiU)002641764</subfield></datafield><datafield tag="035" ind1=" " ind2=" "><subfield code="a">sdr-miu002641764</subfield></datafield><datafield tag="035" ind1=" " ind2=" "><subfield code="a">(OCoLC)34366953</subfield></datafield><datafield tag="035" ind1=" " ind2=" "><subfield code="a">(RLIN)MIUH93-A234</subfield></datafield><datafield tag="040" ind1=" " ind2=" "><subfield code="a">MiU</subfield><subfield code="c">MiU</subfield><subfield code="e">appm</subfield></datafield><datafield tag="100" ind1="1" ind2=" "><subfield code="6">880-01</subfield><subfield code="a">Ḥaṣkafī, Muḥammad ibn ʻAlī,</subfield><subfield code="d">approximately 1616-1677.</subfield></datafield><datafield tag="245" ind1="1" ind2="3"><subfield code="6">880-02</subfield><subfield code="a">al-Durr al-manthūr fī sharḥ tanwīr al-abṣār :</subfield><subfield code="k">manuscript,[1806 or 7].</subfield></datafield><datafield tag="300" ind1=" " ind2=" "><subfield code="a">1</subfield><subfield code="f">v. ([1024] p.) ;</subfield><subfield code="c">26 cm</subfield></datafield><datafield tag="500" ind1=" " ind2=" "><subfield code="a">Illuminated ʻunwān on p. [7]; text rubricated and overlined in red; marginal corrections, notes, and finding aids in hand of copyist; table of contents in hand of copyist; vol. has edge title: kitāb al-ṭahārah.</subfield></datafield><datafield tag="500" ind1=" " ind2=" "><subfield code="a">Date of composition, copyist's name and date of copying in colophon: qāla muʼallifuhu ... Muḥammad ʻAlāʼ al-Dīn ibn al-shaykh ʻAlī ... qad faraghtu min taʼlīfihi fī awākhir shahr Muḥarram al-ḥarām min shuhūr sanat iḥdá wa-sabʻīn wa-alf [i.e. October 1660] ... rasamahu al-faqīr Ḥāfiẓ Muḥammad Amīn ibn Muḥammad sanat 1221 [i.e. 1806 or 7].</subfield></datafield><datafield tag="510" ind1="4" ind2=" "><subfield code="a">GAL,</subfield><subfield code="c">Suppl. II, p. 428; EI2, v. iii, p. 163b</subfield></datafield><datafield tag="520" ind1=" " ind2=" "><subfield code="a">A collection of Islamic law according to the Ḥanafī tradition, extracted from the author's ten-volume Khazāʼin al-asrār wa-badīʻ al-afkār (a commentary on a work by Shams al-Dīn Muḥammad ibn ʻAbd Allāh Abū al-Timirtāshī called Tanwīr al-abṣār wa-jāmiʻ al-biḥār).</subfield></datafield><datafield tag="538" ind1=" " ind2=" "><subfield code="a">Mode of access: Internet.</subfield></datafield><datafield tag="541" ind1=" " ind2=" "><subfield code="d">1924</subfield><subfield code="3">Manuscript</subfield><subfield code="a">Anonymous</subfield><subfield code="c">Purchase, 1924</subfield><subfield code="h">$50.00</subfield></datafield><datafield tag="545" ind1="0" ind2=" "><subfield code="a">Imam at the Umayyad Mosque in Damascus, then muftī (chief judge) of Damascus.</subfield></datafield><datafield tag="561" ind1=" " ind2=" "><subfield code="a">Purchased in Cairo, 1924. Once part of the personal manuscript collection of Sultan Abdülhamid II of Turkey.</subfield></datafield><datafield tag="650" ind1=" " ind2="0"><subfield code="a">Islamic law</subfield><subfield code="x">Interpretation and construction</subfield><subfield code="v">Early works to 1800.</subfield></datafield><datafield tag="650" ind1=" " ind2="0"><subfield code="a">Manuscripts, Arabic</subfield><subfield code="z">Michigan</subfield><subfield code="z">Ann Arbor.</subfield></datafield><datafield tag="700" ind1="0" ind2=" "><subfield code="a">Abdülhamid</subfield><subfield code="b">II,</subfield><subfield code="c">Sultan of the Turks,</subfield><subfield code="d">1842-1918,</subfield><subfield code="e">former owner.</subfield></datafield><datafield tag="773" ind1="0" ind2=" "><subfield code="a">Abdul Hamid Collection.</subfield><subfield code="7">unbc</subfield><subfield code="w">(CStRLIN)MIUH93-A187.</subfield></datafield><datafield tag="880" ind1="1" ind2="2"><subfield code="6">245-02/</subfield><subfield code="a">الدر المنثور في شرح تنوير الأبصار :</subfield><subfield code="k">manuscript،[1806 or 7].</subfield></datafield><datafield tag="880" ind1="1" ind2=" "><subfield code="6">100-01/</subfield><subfield code="a">محمد بن علي الحصكفي.</subfield></datafield><datafield tag="CID" ind1=" " ind2=" "><subfield code="a">002641764</subfield></datafield><datafield tag="DAT" ind1="0" ind2=" "><subfield code="a">20190719102633.0</subfield><subfield code="b">20190719000000.0</subfield></datafield><datafield tag="DAT" ind1="1" ind2=" "><subfield code="a">20190719090653.0</subfield><subfield code="b">2019-07-19T16:10:44Z</subfield></datafield><datafield tag="DAT" ind1="2" ind2=" "><subfield code="a">2015-10-10T18:00:06Z</subfield></datafield><datafield tag="CAT" ind1=" " ind2=" "><subfield code="a">SDR-MIU</subfield><subfield code="d">EX LIBRIS - ALEPH</subfield><subfield code="l">prepare.pl-004-008</subfield></datafield><datafield tag="FMT" ind1=" " ind2=" "><subfield code="a">BK</subfield></datafield><datafield tag="HOL" ind1=" " ind2=" "><subfield code="0">sdr-miu002641764</subfield><subfield code="a">MiU</subfield><subfield code="b">SDR</subfield><subfield code="c">MIU</subfield><subfield code="p">mdp.39015081446406</subfield><subfield code="s">MIU</subfield><subfield code="1">002641764</subfield></datafield><datafield tag="974" ind1=" " ind2=" "><subfield code="b">MIU</subfield><subfield code="c">MIU</subfield><subfield code="d">20190719</subfield><subfield code="s">lit-dlps-dc</subfield><subfield code="u">mdp.39015081446406</subfield><subfield code="y">1807</subfield><subfield code="r">pd</subfield><subfield code="q">bib</subfield><subfield code="t">non-US bib date2 &lt; 1879</subfield></datafield></record></collection>